<?xml version="1.0" encoding="UTF-8"?>
<SOAP-ENV:Envelope xmlns:SOAP-ENV="http://schemas.xmlsoap.org/soap/envelope/" xmlns:mx="http://www.loc.gov/MARC21/slim" xmlns:of="http://oss.dbc.dk/ns/openformat"><SOAP-ENV:Body><of:formatResponse><marc21><mx:record format="MARC21" type="Bibliographic"><mx:leader>00000cas a22000000c 4500</mx:leader><mx:controlfield tag="008">831202c19839999dk m| p|      0|||b|dan|d</mx:controlfield><mx:datafield ind1=" " ind2=" " tag="022"><mx:subfield code="a">0109-0097</mx:subfield></mx:datafield><mx:datafield ind1="1" ind2=" " tag="029"><mx:subfield code="a">DKDLA</mx:subfield><mx:subfield code="b">870970-basis:05997283</mx:subfield></mx:datafield><mx:datafield ind1=" " ind2=" " tag="040"><mx:subfield code="a">DKDLA</mx:subfield><mx:subfield code="b">dan</mx:subfield><mx:subfield code="c">DKDLA</mx:subfield></mx:datafield><mx:datafield ind1=" " ind2=" " tag="049"><mx:subfield code="a">DK-190101</mx:subfield></mx:datafield><mx:datafield ind1=" " ind2="4" tag="082"><mx:subfield code="a">780.730 948 9</mx:subfield></mx:datafield><mx:datafield ind1=" " ind2=" " tag="084"><mx:subfield code="a">78</mx:subfield><mx:subfield code="2">z</mx:subfield></mx:datafield><mx:datafield ind1="0" ind2=" " tag="210"><mx:subfield code="a">Gaffa</mx:subfield><mx:subfield code="b">(Århus)</mx:subfield></mx:datafield><mx:datafield ind1=" " ind2="0" tag="222"><mx:subfield code="a">Gaffa</mx:subfield><mx:subfield code="b">(Århus. Papirform)</mx:subfield></mx:datafield><mx:datafield ind1="0" ind2="0" tag="245"><mx:subfield code="a">Gaffa :</mx:subfield><mx:subfield code="b">nyheder, features, interviews, anmeldelser, kalender</mx:subfield></mx:datafield><mx:datafield ind1=" " ind2=" " tag="260"><mx:subfield code="a">Århus :</mx:subfield><mx:subfield code="b">Gaffa,</mx:subfield><mx:subfield code="c">[1983]-</mx:subfield></mx:datafield><mx:datafield ind1=" " ind2=" " tag="310"><mx:subfield code="a">Månedlig</mx:subfield></mx:datafield><mx:datafield ind1="0" ind2=" " tag="362"><mx:subfield code="a">Nr. 1 (sept. 1983)-</mx:subfield></mx:datafield><mx:datafield ind1=" " ind2=" " tag="588"><mx:subfield code="a">12, december 2005</mx:subfield></mx:datafield><mx:datafield ind1="2" ind2=" " tag="710"><mx:subfield code="a">Foreningen Musikmagasinet Gaffa</mx:subfield></mx:datafield><mx:datafield ind1=" " ind2=" " tag="901"><mx:subfield code="a">780</mx:subfield></mx:datafield></mx:record><hs activity="insert">DKDLA</hs></marc21></of:formatResponse></SOAP-ENV:Body></SOAP-ENV:Envelope>
